<record><leader>00000cas a2200000 a 4500</leader><controlfield tag="001">12219493</controlfield><controlfield tag="008">850701d18891905ksuwr ne      0    0eng d</controlfield><datafield ind1=" " ind2=" " tag="010"><subfield code="a">sn 85031434 </subfield></datafield><datafield ind1=" " ind2=" " tag="040"><subfield code="a">KSH</subfield><subfield code="b">eng</subfield><subfield code="c">KSH</subfield><subfield code="d">NPT</subfield><subfield code="d">OCL</subfield><subfield code="d">OCLCQ</subfield></datafield><datafield ind1=" " ind2=" " tag="042"><subfield code="a">msc</subfield></datafield><datafield ind1="0" ind2="4" tag="245"><subfield code="a">The Elk City enterprise.</subfield></datafield><datafield ind1=" " ind2=" " tag="260"><subfield code="a">Elk City, Kan. :</subfield><subfield code="b">Geo. C. Sherman,</subfield><subfield code="c">-1905.</subfield></datafield><datafield ind1=" " ind2=" " tag="300"><subfield code="a">v. :</subfield><subfield code="b">ill. ;</subfield><subfield code="c">55 cm.</subfield></datafield><datafield ind1=" " ind2=" " tag="310"><subfield code="a">Weekly</subfield></datafield><datafield ind1="0" ind2=" " tag="362"><subfield code="a">-v. 17, no. 2 (July 21, 1905).</subfield></datafield><datafield ind1="1" ind2=" " tag="362"><subfield code="a">Began in Aug. 1889?</subfield></datafield><datafield ind1=" " ind2=" " tag="500"><subfield code="a">Publisher varies.</subfield></datafield><datafield ind1=" " ind2=" " tag="588"><subfield code="a">Description based on: Vol. 1, no. 3 (Aug. 31, 1889).</subfield></datafield><datafield ind1=" " ind2=" " tag="752"><subfield code="a">United States</subfield><subfield code="b">Kansas</subfield><subfield code="c">Montgomery</subfield><subfield code="d">Elk City.</subfield></datafield><datafield ind1="0" ind2="7" tag="785"><subfield code="t">Elk City sun (Elk City, Kan. : 1903)</subfield><subfield code="w">(DLC)sn 85031435</subfield></datafield><datafield ind1="0" ind2="7" tag="785"><subfield code="t">Elk City enterprise and Elk City sun</subfield><subfield code="w">(DLC)sn 85031436</subfield></datafield></record>